<?xml version="1.0" encoding="UTF-8"?><record xmlns="http://www.loc.gov/MARC21/slim" xmlns:cinclude="http://apache.org/cocoon/include/1.0" xmlns:zs="http://www.loc.gov/zing/srw/">
  <leader>00637cz  a2200169n  4500</leader>
  <controlfield tag="001">n  83030033 </controlfield>
  <controlfield tag="003">DLC</controlfield>
  <controlfield tag="005">20130316081855.0</controlfield>
  <controlfield tag="008">830714n| azannaab           |a ana      </controlfield>
  <datafield tag="010" ind1=" " ind2=" ">
    <subfield code="a">n  83030033 </subfield>
  </datafield>
  <datafield tag="040" ind1=" " ind2=" ">
    <subfield code="a">DLC</subfield>
    <subfield code="b">eng</subfield>
    <subfield code="e">rda</subfield>
    <subfield code="c">DLC</subfield>
    <subfield code="d">DLC</subfield>
  </datafield>
  <datafield tag="110" ind1="1" ind2=" ">
    <subfield code="a">North Bay (Ont.).</subfield>
    <subfield code="b">Engineering Department</subfield>
  </datafield>
  <datafield tag="410" ind1="1" ind2=" ">
    <subfield code="w">nnaa</subfield>
    <subfield code="a">North Bay, Ont.</subfield>
    <subfield code="b">Engineering Dept.</subfield>
  </datafield>
  <datafield tag="410" ind1="1" ind2=" ">
    <subfield code="w">nnea</subfield>
    <subfield code="a">North Bay (Ont.).</subfield>
    <subfield code="b">Engineering Dept.</subfield>
  </datafield>
  <datafield tag="670" ind1=" " ind2=" ">
    <subfield code="a">Its City of North Bay, urban area 1980, 1980:</subfield>
    <subfield code="b">map recto (Engineering Department)</subfield>
  </datafield>
  <datafield tag="670" ind1=" " ind2=" ">
    <subfield code="a">NLC 6/23/83</subfield>
    <subfield code="b">(North Bay (Ont.). Engineering Dept.)</subfield>
  </datafield>
  <datafield tag="670" ind1=" " ind2=" ">
    <subfield code="a">LC data base, 7-8-83</subfield>
    <subfield code="b">(hdg.: North Bay, Ont. Engineering Dept.)</subfield>
  </datafield>
</record>